<?xml version="1.0" encoding="UTF-8"?>
<collection xmlns:xsi="http://www.w3.org/2001/XMLSchema-instance" xsi:schemaLocation="http://www.loc.gov/MARC21/slim http://www.loc.gov/standards/marcxml/schema/MARC21slim.xsd" xmlns="http://www.loc.gov/MARC21/slim">
<record>
  <leader>00733cam a2200205   4500</leader>
  <controlfield tag="001">3068062</controlfield>
  <controlfield tag="003">NNC</controlfield>
  <controlfield tag="005">20140922164726.0</controlfield>
  <controlfield tag="008">990404s1949    le            000 0 araod</controlfield>
  <datafield tag="035" ind1=" " ind2=" ">
    <subfield code="a">(OCoLC)ocm41100818</subfield>
  </datafield>
  <datafield tag="035" ind1=" " ind2=" ">
    <subfield code="9">ATP0487CU</subfield>
  </datafield>
  <datafield tag="035" ind1=" " ind2=" ">
    <subfield code="a">(NNC)3068062</subfield>
  </datafield>
  <datafield tag="040" ind1=" " ind2=" ">
    <subfield code="a">CGU</subfield>
    <subfield code="c">CGU</subfield>
    <subfield code="d">ZCU</subfield>
  </datafield>
  <datafield tag="099" ind1=" " ind2=" ">
    <subfield code="a">893.7112</subfield>
    <subfield code="a">M919</subfield>
  </datafield>
  <datafield tag="100" ind1="1" ind2=" ">
    <subfield code="a">Munajjid, Ṣalāḥ al-Dīn.</subfield>
  </datafield>
  <datafield tag="245" ind1="1" ind2="0">
    <subfield code="a">Khiṭaṭ Dimashq :</subfield>
    <subfield code="b">nuṣūṣ wa-dirāsāt fī taʾrīkh Dimashq al-ṭubūghrāphī wa-āthārihā al-qadīmah ; jamaʻahā wa-waḍaʻahā Ṣalāḥ al-Dīn al-Munajjid.</subfield>
  </datafield>
  <datafield tag="260" ind1=" " ind2=" ">
    <subfield code="a">Bayrūt :</subfield>
    <subfield code="b">al-Maṭbaʻah al-Kāthūlīkīyah,</subfield>
    <subfield code="c">1949.</subfield>
  </datafield>
  <datafield tag="300" ind1=" " ind2=" ">
    <subfield code="a">148 p.</subfield>
    <subfield code="b">illus.</subfield>
  </datafield>
  <datafield tag="651" ind1=" " ind2="0">
    <subfield code="a">Damascus (Syria)</subfield>
    <subfield code="x">Antiquities.</subfield>
  </datafield>
  <datafield tag="955" ind1=" " ind2=" ">
    <subfield code="b">0045341559</subfield>
    <subfield code="d">glx</subfield>
    <subfield code="e">893.7112 M919</subfield>
  </datafield>
</record>
</collection>